<?xml version="1.0" encoding="UTF-8"?><record xmlns="http://www.loc.gov/MARC21/slim" xmlns:cinclude="http://apache.org/cocoon/include/1.0" xmlns:zs="http://www.loc.gov/zing/srw/">
  <leader>00433nz  a2200133n  4500</leader>
  <controlfield tag="001">no2005093239</controlfield>
  <controlfield tag="003">DLC</controlfield>
  <controlfield tag="005">20051006051847.0</controlfield>
  <controlfield tag="008">050928n| acannaabn          |n aaa     c</controlfield>
  <datafield tag="010" ind1=" " ind2=" ">
    <subfield code="a">no2005093239</subfield>
  </datafield>
  <datafield tag="035" ind1=" " ind2=" ">
    <subfield code="a">(OCoLC)oca06751289</subfield>
  </datafield>
  <datafield tag="040" ind1=" " ind2=" ">
    <subfield code="a">PSt</subfield>
    <subfield code="b">eng</subfield>
    <subfield code="c">PSt</subfield>
  </datafield>
  <datafield tag="100" ind1="1" ind2=" ">
    <subfield code="a">Dietrich, Becky,</subfield>
    <subfield code="d">1926-</subfield>
  </datafield>
  <datafield tag="670" ind1=" " ind2=" ">
    <subfield code="a">Mont Alto sampler, 2005:</subfield>
    <subfield code="b">t.p. (Becky Dietrich) p. 4 of cover (b. in Baltimore, Md. in 1926; now lives in Mont Alto; retired in 1996)</subfield>
  </datafield>
</record>